<collection xmlns="http://www.loc.gov/MARC21/slim">
<record>
  <leader>02166nam0a2200397 i 450 </leader>
  <controlfield tag="001">IT\ICCU\CNCE\046662</controlfield>
  <controlfield tag="005">20081028000000.0</controlfield>
  <datafield tag="012" ind1=" " ind2=" ">
    <subfield code="a">eiuo um61 s.a- novo (3) 1557 (R)</subfield>
    <subfield code="2">fei</subfield>
  </datafield>
  <datafield tag="100" ind1=" " ind2=" ">
    <subfield code="a">19990204d1557        0itac0103    ba</subfield>
  </datafield>
  <datafield tag="101" ind1=" " ind2=" ">
    <subfield code="a">LAT</subfield>
  </datafield>
  <datafield tag="102" ind1=" " ind2=" ">
    <subfield code="a">IT</subfield>
  </datafield>
  <datafield tag="200" ind1="1" ind2=" ">
    <subfield code="a">Metropolis ecclesiae Vpsalen. in regnis Suetiae et Gothiae diligentia Iohannis Magni Gothi sedis apost. legati, ... MDXXXVI. Gedani obiter collecta atque nunc primum MDLVII opera &amp; impensis Olai Magni authoris germani fratris &amp; immediati successoris ad honorem Dei, ...</subfield>
  </datafield>
  <datafield tag="210" ind1=" " ind2=" ">
    <subfield code="a">Romae</subfield>
    <subfield code="c">in aedibus diuae Brigidae viduae</subfield>
    <subfield code="c">per Franciscum Mediolanensem de Ferrarijs</subfield>
    <subfield code="d">20 Februarij 1557</subfield>
  </datafield>
  <datafield tag="215" ind1=" " ind2=" ">
    <subfield code="a">\16!, 180 p.</subfield>
    <subfield code="d">fol</subfield>
  </datafield>
  <datafield tag="620" ind1=" " ind2=" ">
    <subfield code="a">IT</subfield>
    <subfield code="d">Roma</subfield>
  </datafield>
  <datafield tag="700" ind1=" " ind2="1">
    <subfield code="a">Magnus,</subfield>
    <subfield code="b">Iohannes</subfield>
    <subfield code="3">IT\ICCU\CNCA\010056</subfield>
  </datafield>
  <datafield tag="702" ind1=" " ind2="1">
    <subfield code="a">Magnus,</subfield>
    <subfield code="b">Olaus</subfield>
    <subfield code="3">IT\ICCU\CNCA\006620</subfield>
  </datafield>
  <datafield tag="712" ind1="0" ind2="0">
    <subfield code="a">Ferrari, Francesco</subfield>
    <subfield code="3">IT\ICCU\CNCT\001068</subfield>
    <subfield code="4">650</subfield>
  </datafield>
  <datafield tag="712" ind1="0" ind2="2">
    <subfield code="a">℗Nelle case di ℗Santa Brigida</subfield>
    <subfield code="3">IT\ICCU\CNCT\001226</subfield>
    <subfield code="4">650</subfield>
  </datafield>
  <datafield tag="790" ind1=" " ind2="1">
    <subfield code="a">Mansson,</subfield>
    <subfield code="b">Jons</subfield>
    <subfield code="3">IT\ICCU\CNCA\017874</subfield>
    <subfield code="z">Magnus, Iohannes</subfield>
  </datafield>
  <datafield tag="790" ind1=" " ind2="1">
    <subfield code="a">Magnus,</subfield>
    <subfield code="b">Ioannes</subfield>
    <subfield code="3">IT\ICCU\CNCA\026571</subfield>
    <subfield code="z">Magnus, Iohannes</subfield>
  </datafield>
  <datafield tag="790" ind1=" " ind2="0">
    <subfield code="a">Olao</subfield>
    <subfield code="c"> : Magno</subfield>
    <subfield code="3">IT\ICCU\CNCA\006746</subfield>
    <subfield code="z">Magnus, Olaus</subfield>
  </datafield>
  <datafield tag="790" ind1=" " ind2="1">
    <subfield code="a">Mansson,</subfield>
    <subfield code="b">Olaf</subfield>
    <subfield code="3">IT\ICCU\CNCA\017875</subfield>
    <subfield code="z">Magnus, Olaus</subfield>
  </datafield>
  <datafield tag="791" ind1="0" ind2="0">
    <subfield code="a">Ferrarjs, Franciscus de</subfield>
    <subfield code="3">IT\ICCU\CNCT\005509</subfield>
    <subfield code="z">Ferrari, Francesco</subfield>
  </datafield>
  <datafield tag="791" ind1="0" ind2="0">
    <subfield code="a">Ferrariis, Franciscus de</subfield>
    <subfield code="3">IT\ICCU\CNCT\005514</subfield>
    <subfield code="z">Ferrari, Francesco</subfield>
  </datafield>
  <datafield tag="791" ind1="0" ind2="2">
    <subfield code="a">℗in aedibus ℗Divae Brigidae</subfield>
    <subfield code="3">IT\ICCU\CNCT\002207</subfield>
    <subfield code="z">℗Nelle case di ℗Santa Brigida</subfield>
  </datafield>
  <datafield tag="791" ind1="0" ind2="2">
    <subfield code="a">℗In domo hospitalis ℗Sanctae Birgittae</subfield>
    <subfield code="3">IT\ICCU\CNCT\005558</subfield>
    <subfield code="z">℗Nelle case di ℗Santa Brigida</subfield>
  </datafield>
  <datafield tag="801" ind1=" " ind2="3">
    <subfield code="a">IT</subfield>
    <subfield code="b">ICCU</subfield>
    <subfield code="c">20201115</subfield>
  </datafield>
  <datafield tag="899" ind1=" " ind2=" ">
    <subfield code="a">Biblioteca Apostolica Vaticana. Citt ̉del Vaticano</subfield>
    <subfield code="1">EX0001</subfield>
    <subfield code="2">ZCV 01</subfield>
  </datafield>
  <datafield tag="899" ind1=" " ind2=" ">
    <subfield code="a">Biblioteca Marucelliana. Firenze</subfield>
    <subfield code="1">FI0101</subfield>
    <subfield code="2">CFI MF</subfield>
  </datafield>
  <datafield tag="899" ind1=" " ind2=" ">
    <subfield code="a">Biblioteca e Archivio del Capitolo metropolitano. Milano</subfield>
    <subfield code="1">MI0489</subfield>
    <subfield code="2">PBE C0</subfield>
  </datafield>
  <datafield tag="899" ind1=" " ind2=" ">
    <subfield code="a">Biblioteca comunale Teresiana. Mantova</subfield>
    <subfield code="1">MN0035</subfield>
    <subfield code="2">LO1 12</subfield>
  </datafield>
  <datafield tag="899" ind1=" " ind2=" ">
    <subfield code="a">Biblioteca nazionale centrale. Roma</subfield>
    <subfield code="1">RM0267</subfield>
    <subfield code="2">BVE CR</subfield>
  </datafield>
  <datafield tag="899" ind1=" " ind2=" ">
    <subfield code="a">Biblioteca Angelica. Roma</subfield>
    <subfield code="1">RM0290</subfield>
    <subfield code="2">RML 06</subfield>
  </datafield>
  <datafield tag="899" ind1=" " ind2=" ">
    <subfield code="a">Biblioteca Casanatense. Roma</subfield>
    <subfield code="1">RM0313</subfield>
    <subfield code="2">RML 07</subfield>
  </datafield>
  <datafield tag="899" ind1=" " ind2=" ">
    <subfield code="a">British Library. London</subfield>
    <subfield code="1">UK0001</subfield>
  </datafield>
</record>
</collection>
